@InProceedings{Hershcovich2017transition,
  author =  "Hershcovich, Daniel
    and Abend, Omri
    and Rappoport, Ari",
  title =   "A Transition-Based Directed Acyclic Graph Parser for {UCCA}",
  booktitle =   "Proceedings of the 55th Annual Meeting of the Association for      Computational Linguistics (Volume 1: Long Papers)    ",
  year =  "2017",
  publisher =   "Association for Computational Linguistics",
  pages =   "1127--1138",
  location =  "Vancouver, Canada",
  doi =   "10.18653/v1/P17-1104",
  url =   "http://aclweb.org/anthology/P17-1104"
}

@InProceedings{Hershcovich2018multitask,
  author =  "Hershcovich, Daniel
    and Abend, Omri
    and Rappoport, Ari",
  title =   "Multitask Parsing Across Semantic Representations",
  booktitle =   "Proceedings of the 56th Annual Meeting of the Association for Computational Linguistics (Volume 1: Long Papers)",
  year =  "2018",
  publisher =   "Association for Computational Linguistics",
  pages =   "373--385",
  location =  "Melbourne, Australia",
  url =   "http://aclweb.org/anthology/P18-1035"
}

@InProceedings{hershcovich2018universal,
  author =  "Hershcovich, Daniel
    and Abend, Omri
    and Rappoport, Ari",
  title =   "Universal Dependency Parsing with a General Transition-Based {DAG} Parser",
  booktitle =   "Proceedings of the CoNLL 2018 Shared Task: Multilingual Parsing from Raw Text to Universal Dependencies",
  year =  "2018",
  publisher =   "Association for Computational Linguistics",
  pages =   "103--112",
  location =  "Brussels, Belgium",
  url =   "http://aclweb.org/anthology/K18-2010"
}

@InProceedings{hershcovich2019content,
  author =  "Hershcovich, Daniel
    and Abend, Omri
    and Rappoport, Ari",
  title =   "Content Differences in Syntactic and Semantic Representation",
  year =  "Under submission"
}

