@article{pollack1990recursive,
  title={Recursive distributed representations},
  author={Pollack, Jordan B},
  journal={Artificial Intelligence},
  volume={46},
  number={1},
  pages={77--105},
  year={1990},
  publisher={Elsevier}
}

@inproceedings{goller1996learning,
  title={Learning task-dependent distributed representations by backpropagation through structure},
  author={Goller, Christoph and K{\"u}chler, Andreas},
  booktitle={Neural Networks, 1996., IEEE International Conference on},
  volume={1},
  pages={347--352},
  year={1996},
  organization={IEEE}
}

@inproceedings{baker1998framenet,
 author = {Baker, Collin F. and Fillmore, Charles J. and Lowe, John B.},
 title = {The {B}erkeley {F}rame{N}et {P}roject},
 booktitle = {Proceedings of the 36th Annual Meeting of the Association for Computational Linguistics and 17th International Conference on Computational Linguistics - Volume 1},
 series = {ACL '98},
 year = {1998},
 location = {Montreal, Quebec, Canada},
 pages = {86--90},
 numpages = {5},
 url = {http://dx.doi.org/10.3115/980845.980860},
 doi = {10.3115/980845.980860},
 acmid = {980860},
 publisher = {Association for Computational Linguistics},
 address = {Stroudsburg, PA, USA},
}

@inproceedings{collobert2008unified,
  title={A unified architecture for natural language processing: Deep neural networks with multitask learning},
  author={Collobert, Ronan and Weston, Jason},
  booktitle={Proceedings of the 25th international conference on Machine learning},
  pages={160--167},
  year={2008},
  organization={ACM}
}

@inproceedings{turian2010word,
  title={Word representations: a simple and general method for semi-supervised learning},
  author={Turian, Joseph and Ratinov, Lev and Bengio, Yoshua},
  booktitle={Proceedings of the 48th Annual Meeting of the Association for Computational Linguistics},
  pages={384--394},
  year={2010},
  organization={Association for Computational Linguistics}
}

@inproceedings{socher2010learning,
  title={Learning continuous phrase representations and syntactic parsing with recursive neural networks},
  author={Socher, Richard and Manning, Christopher D and Ng, Andrew Y},
  booktitle={Proceedings of the NIPS-2010 Deep Learning and Unsupervised Feature Learning Workshop},
  pages={1--9},
  year={2010}
}

@article{collobert2011nlp,
 author = {Collobert, Ronan and Weston, Jason and Bottou, L{\'e}on and Karlen, Michael and Kavukcuoglu, Koray and Kuksa, Pavel},
 title = {Natural Language Processing (Almost) from Scratch},
 journal = {J. Mach. Learn. Res.},
 issue_date = {2/1/2011},
 volume = {12},
 month = nov,
 year = {2011},
 issn = {1532-4435},
 pages = {2493--2537},
 numpages = {45},
 url = {http://dl.acm.org/citation.cfm?id=1953048.2078186},
 acmid = {2078186},
 publisher = {JMLR.org},
} 

@inproceedings{socher2011parsing,
  title={Parsing natural scenes and natural language with recursive neural networks},
  author={Socher, Richard and Lin, Cliff C and Manning, Chris and Ng, Andrew Y},
  booktitle={Proceedings of the 28th International Conference on Machine Learning (ICML-11)},
  pages={129--136},
  year={2011}
}

@inproceedings{socher2011rae,
  title = {Semi-Supervised Recursive Autoencoders for Predicting Sentiment Distributions},
  author = {Richard Socher and Jeffrey Pennington and Eric H. Huang and Andrew Y. Ng and Christopher D. Manning},
  booktitle = {Proceedings of the 2011 Conference on Empirical Methods in Natural Language Processing (EMNLP)}, 
  year = 2011
}

@techreport{tr-bottou-2011,
  author = {Bottou, L\'eon},
  title = {From Machine Learning to Machine Reasoning},
  institution = {arXiv.1102.1808},
  month = {February},
  year = {2011},
  url = {http://leon.bottou.org/papers/tr-bottou-2011},
}

@article{duchi2011adaptive,
  title={Adaptive subgradient methods for online learning and stochastic optimization},
  author={Duchi, John and Hazan, Elad and Singer, Yoram},
  journal={The Journal of Machine Learning Research},
  volume={12},
  pages={2121--2159},
  year={2011},
  publisher={JMLR. org}
}

@inproceedings{socher2012semantic,
  title={Semantic compositionality through recursive matrix-vector spaces},
  author={Socher, Richard and Huval, Brody and Manning, Christopher D and Ng, Andrew Y},
  booktitle={Proceedings of the 2012 Joint Conference on Empirical Methods in Natural Language Processing and Computational Natural Language Learning},
  pages={1201--1211},
  year={2012},
  organization={Association for Computational Linguistics}
}

@inproceedings{abend2013ucca,
  title={{UCCA}: A semantics-based grammatical annotation scheme},
  author={Abend, Omri and Rappoport, Ari},
  booktitle={Proc. IWCS},
  year={2013}
}

@inproceedings{abend2013universal,
  title={{U}niversal {C}onceptual {C}ognitive {A}nnotation ({UCCA}).},
  author={Abend, Omri and Rappoport, Ari},
  booktitle={ACL (1)},
  pages={228--238},
  year={2013}
}

@MastersThesis{beka2013thesis,
  author={Amit Beka},
  title={Semi-supervised Identification of Scene-evoking Nouns in {UCCA}},
  school={Hebrew University of Jerusalem},
  address={Jerusalem, Israel},
  year={2013},
}

@inproceedings{socher2013parsing,
  title={Parsing with compositional vector grammars},
  author={Socher, Richard and Bauer, John and Manning, Christopher D and Ng, Andrew Y},
  booktitle={In Proceedings of the ACL conference},
  year={2013},
}

@inproceedings{socher2013recursive,
  title={Recursive deep models for semantic compositionality over a sentiment treebank},
  author={Socher, Richard and Perelygin, Alex and Wu, Jean Y and Chuang, Jason and Manning, Christopher D and Ng, Andrew Y and Potts, Christopher},
  booktitle={Proceedings of the Conference on Empirical Methods in Natural Language Processing (EMNLP)},
  pages={1631--1642},
  year={2013},
  organization={Citeseer}
}

@article{mikolov2013linguistic,
  title={Linguistic Regularities in Continuous Space Word Representations},
  author={Mikolov, Tomas and Yih, Wen-tau and Zweig, Geoffrey}
}

@inproceedings{zou2013bilingual,
  title={Bilingual Word Embeddings for Phrase-Based Machine Translation.},
  author={Zou, Will Y and Socher, Richard and Cer, Daniel M and Manning, Christopher D},
  booktitle={In Proceedings of the ACL conference},
  year={2013}
}

@inproceedings{mcdonald2013universal,
  title={Universal Dependency Annotation for Multilingual Parsing.},
  author={McDonald, Ryan T and Nivre, Joakim and Quirmbach-Brundage, Yvonne and Goldberg, Yoav and Das, Dipanjan and Ganchev, Kuzman and Hall, Keith B and Petrov, Slav and Zhang, Hao and T{\"a}ckstr{\"o}m, Oscar and others},
  booktitle={In Proceedings of the ACL conference},
  year={2013}
}

@article{mikolov2013efficient,
  title={Efficient estimation of word representations in vector space},
  author={Mikolov, Tomas and Chen, Kai and Corrado, Greg and Dean, Jeffrey},
  journal={arXiv preprint arXiv:1301.3781},
  year={2013}
}

@incollection{vandeghinste2013parse,
  title={Parse and Corpus-based Machine Translation},
  author={Vandeghinste, Vincent and Martens, Scott and Kotz{\'e}, Gideon and Tiedemann, J{\"o}rg and Van den Bogaert, Joachim and De Smet, Koen and Van Eynde, Frank and Van Noord, Gertjan},
  booktitle={Essential Speech and Language Technology for Dutch},
  pages={305--319},
  year={2013},
  publisher={Springer}
}

@inproceedings{socher2013grounded,
  title={Grounded Compositional Semantics for Finding and Describing Images with Sentences},
  author={Socher, Richard and Karpathy, Andrej, Quoc V. Le* and . Manning, Christopher D and Ng, Andrew Y},
  booktitle={NIPS Deep Learning Workshop},
  year={2013}
}

@inproceedings{dong2014adaptive,
  title={Adaptive recursive neural network for target-dependent twitter sentiment classification},
  author={Dong, Li and Wei, Furu and Tan, Chuanqi and Tang, Duyu and Zhou, Ming and Xu, Ke},
  booktitle={Proceedings of the 52nd Annual Meeting of the Association for Computational Linguistics},
  pages={49--54},
  year={2014}
}

@article{poon2014deep,
  title={Deep Learning for Semantic Parsing},
  author={Poon, Hoifung and Domingos, Pedro}
}

@MastersThesis{sulem2014thesis,
  author={Elior Sulem},
  title={Integration of a cognitive annotation into machine translation: Theoretical foundations and bilingual corpus analysis},
  school={Hebrew University of Jerusalem},
  address={Jerusalem, Israel},
  year={2014},
}

@article{sutskever2014sequence,
  author    = {Ilya Sutskever, Oriol Vinyals and Quoc V. Le},
  title     = {Sequence to Sequence Learning with Neural Networks},
  journal   = {CoRR},
  year      = {2014},
  volume    = {abs/1409.3215},
  url       = {http://arxiv.org/abs/1409.3215},
  timestamp = {Sat, 08 Nov 2014 13:23:57 +0100},
  biburl    = {http://dblp.uni-trier.de/rec/bib/journals/corr/SutskeverVL14},
  bibsource = {dblp computer science bibliography, http://dblp.org}
}

@inproceedings{le2014inside,
  title={The Inside-Outside Recursive Neural Network model for Dependency Parsing},
  author={Le, Phong and Zuidema, Willem},
  booktitle={In Proceedings of the ACL conference},
  year={2014}
}

@inproceedings{chen2014fast,
  title={A Fast and Accurate Dependency Parser using Neural Networks},
  author={Chen, Danqi and Manning, Christopher D},
  booktitle={In Proceedings of the 2014 Conference on Empirical Methods in Natural Language Processing (EMNLP)},
  year={2014}
}

@article{paass2014semantic,
  title={Semantic Role Labeling Using Deep Neural Networks},
  author={Paass, Gerhard and Pratap, Bhanu},
  booktitle={In Proceedings of the The International Workshop on Representation Learning (RL 2014)},
  year={2014}
}

@article{irsoy2014deep,
  title={Deep Recursive Neural Networks for Compositionality in Language},
  author={Irsoy, Ozan and Cardie, Claire},
  booktitle={In Proceedings of the Conference and Workshop on Neural Information Processing Systems (NIPS)},
  year={2014}
}